@comment{x-kbibtex-personnameformatting=<%l><, %f>}

@techreport{rfc6902,
	author = "Bryan, P. and Nottingham, M.",
	howpublished = "Internet Requests for Comments",
	institution = "{RFC Editor}",
	issn = "2070-1721",
	month = "April",
	number = 6902,
	pages = "1--18",
	publisher = "{RFC Editor}",
	title = "{JavaScript Object Notation (JSON) Patch}",
	year = "2013"
}

@techreport{Leithead:14:H,
	author = "Leithead, Travis and Berjon, Robin and O'Connor, Theresa and Hickson, Ian and Navara, Erika Doyle and Faulkner, Steve and Pfeiffer, Silvia",
	bibsource = "http://w2.syronex.com/jmr/w3c-biblio",
	institution = "W3C",
	month = oct,
	note = "http://www.w3.org/TR/2014/REC-html5-20141028/",
	title = "{HTML5}",
	type = "{W3C} Recommendation",
	year = "2014"
}

@techreport{9675597,
	author = "Ito, Hayato",
	bibsource = "http://w2.syronex.com/jmr/w3c-biblio",
	institution = "W3C",
	month = nov,
	note = "https://www.w3.org/TR/2016/WD-shadow-dom-20161128/",
	title = "{Shadow {DOM}}",
	type = "{W3C} Working Draft",
	year = "2016"
}

@techreport{6190251,
	author = "Denicola, Domenic",
	bibsource = "http://w2.syronex.com/jmr/w3c-biblio",
	institution = "W3C",
	month = oct,
	note = "https://www.w3.org/TR/2016/WD-custom-elements-20161013/",
	title = "{Custom Elements}",
	type = "{W3C} Working Draft",
	year = "2016"
}

@techreport{Glazkov:16:HI,
	author = "Glazkov, Dimitri and Morita, Hajime",
	bibsource = "http://w2.syronex.com/jmr/w3c-biblio",
	institution = "W3C",
	month = feb,
	note = "http://www.w3.org/TR/2016/WD-html-imports-20160225/",
	title = "{{HTML} Imports}",
	type = "{W3C} Working Draft",
	year = "2016"
}

@article{Hopcroft:1973:AEA:362248.362272,
	acmid = "362272",
	address = "New York, NY, USA",
	author = "Hopcroft, John and Tarjan, Robert",
	doi = "10.1145/362248.362272",
	issn = "0001-0782",
	issue_date = "June 1973",
	journal = "Commun. ACM",
	keywords = "analysis of algorithms; graph manipulation; graphs",
	month = jun,
	number = "6",
	numpages = "7",
	pages = "372--378",
	publisher = "ACM",
	title = "{Algorithm 447: Efficient Algorithms for Graph Manipulation}",
	url = "http://doi.acm.org/10.1145/362248.362272",
	volume = "16",
	year = "1973"
}

@inproceedings{Spini:2016:WIA:2945292.2945309,
	acmid = "2945309",
	address = "New York, NY, USA",
	author = "Spini, Federico and Marino, Enrico and D'Antimi, Michele and Carra, Edoardo and Paoluzzi, Alberto",
	booktitle = "{Proceedings of the 21st International Conference on Web3D Technology}",
	doi = "10.1145/2945292.2945309",
	isbn = "978-1-4503-4428-9",
	keywords = "3D visualization; baking service; graphics processing; virtual environments; web rendering",
	location = "Anaheim, California",
	numpages = "4",
	pages = "151--154",
	publisher = "ACM",
	series = "{Web3D '16}",
	title = "{Web 3D Indoor Authoring and VR Exploration via Texture Baking Service}",
	url = "http://doi.acm.org/10.1145/2945292.2945309",
	year = "2016"
}

@misc{roberts,
	author = "Roberts, Mike",
	title = "{Serverless Architectures}",
	url = "http://martinfowler.com/articles/serverless.html"
}

@inbook{Voutilainen2016,
	address = "Cham",
	author = "Voutilainen, Jari-Pekka and Mikkonen, Tommi and Syst{\"a}, Kari",
	booktitle = "{Current Trends in Web Engineering: ICWE 2016 International Workshops, DUI, TELERISE, SoWeMine, and Liquid Web, Lugano, Switzerland, June 6-9, 2016. Revised Selected Papers}",
	doi = "10.1007/978-3-319-46963-8_12",
	editor = "Casteleyn, Sven and Dolog, Peter and Pautasso, Cesare",
	isbn = "978-3-319-46963-8",
	pages = "142--154",
	publisher = "Springer International Publishing",
	title = "{Synchronizing Application State Using Virtual DOM Trees}",
	url = "http://dx.doi.org/10.1007/978-3-319-46963-8_12",
	year = "2016"
}

